@article{mnih2013playing,
  title={Playing atari with deep reinforcement learning},
  author={Mnih, Volodymyr and Kavukcuoglu, Koray and Silver, David and Graves, Alex and Antonoglou, Ioannis and Wierstra, Daan and Riedmiller, Martin},
  journal={arXiv preprint arXiv:1312.5602},
  year={2013}
}
@article{mnih2015human,
  title={Human-level control through deep reinforcement learning},
  author={Mnih, Volodymyr and Kavukcuoglu, Koray and Silver, David and Rusu, Andrei A and Veness, Joel and Bellemare, Marc G and Graves, Alex and Riedmiller, Martin and Fidjeland, Andreas K and Ostrovski, Georg and others},
  journal={Nature},
  volume={518},
  number={7540},
  pages={529--533},
  year={2015},
  publisher={Nature Research}
}
@article{stanley2002evolving,
  title={Evolving neural networks through augmenting topologies},
  author={Stanley, Kenneth O and Miikkulainen, Risto},
  journal={Evolutionary computation},
  volume={10},
  number={2},
  pages={99--127},
  year={2002},
  publisher={MIT Press}
}
@inproceedings{stanley2002efficient,
  title={Efficient reinforcement learning through evolving neural network topologies},
  author={Stanley, Kenneth O and Miikkulainen, Risto},
  booktitle={Proceedings of the 4th Annual Conference on Genetic and Evolutionary Computation},
  pages={569--577},
  year={2002},
  organization={Morgan Kaufmann Publishers Inc.}
}

@Misc{sethbling2015,
    author = {SethBling},
    title = {MarI/O Machine Learning for Video Games},
    howpublished = {\url{https://www.youtube.com/watch?v=qv6UVOQ0F44}},
    month = {June},
    day = 13,
    year = 2015
}

@Misc{max00355breakout,
    author = {Frankie Primerano},
    title = {Breakout},
    howpublished={\url{https://github.com/Max00355/Breakout}},
    month = {December},
    day = 12,
    year = 2015
}

@software{neatpython,
    author = {CodeReclaimers},
    title = {NEAT-Python},
    howpublished={\url{https://neat-python.readthedocs.io}},
    month = {August},
    day = 1,
    year = 2017,
    version = {0.92}
}

@software{pygame,
    author = {Pete Shinners and Rene Dudfield and Marcus von Appen and Bob Pendleton},
    title = {Pygame},
    howpublished={\url{https://www.pygame.org/}},
    month = {January},
    day = 16,
    year = 2017,
    version = {1.9.3}
}
